<?xml version="1.0" encoding="UTF-8"?><collection xmlns="http://www.loc.gov/MARC21/slim"><record><leader>00345nam--2200121-i-4500</leader><controlfield tag="001">000003875</controlfield><controlfield tag="002">20161230</controlfield><controlfield tag="005">20161230201025</controlfield><controlfield tag="008">060222s1000------------r-----000-0-eng-d</controlfield><datafield ind1=" " ind2=" " tag="080"><subfield code="a">620.179.6</subfield></datafield><datafield ind1=" " ind2=" " tag="245"><subfield code="a">Calitatea suprafetelor prelucrate.referatele celui de a doua conferinte din leningrad</subfield></datafield><datafield ind1=" " ind2=" " tag="260"><subfield code="a">Bucuresti,I.D.T., 1955. 294 P</subfield></datafield><datafield ind1=" " ind2=" " tag="852"><subfield code="a">26518</subfield></datafield></record></collection>